@phDthesis{leitner2004,
  author = {Leitner},
  title = {Baubetriebliche Modellierung der Prozesse maschineller Tunnelbau - Vortriebe im Festgestein},
  school = {Leopold-Franzens-Universität, Innsbruck},
  year = {2004}
}

@book{maidl2008,
  title={Hardrock Tunnel Boring Machines},
  author={Maidl, Schmid, Ritz, Herrenknecht},
  isbn={9783433016763},
  year={2008},
  publisher={Ernst und Sohn},
  address = {Berlin},
  language={nenglish},
  edition={1.}
}
%"url={https://books.google.at/books/about/Hardrock_Tunnel_Boring_Machines.html?id=TEVwGkvUKHEC&redir_esc=y}"

@book{girmscheid2013,
  title={Bauprozesse und Bauverfahren des Tunnelbaus},
  author={Girmscheid},
  isbn={9783433030479},
  year={2013},
  publisher={Ernst und Sohn},
  address = {Berlin},
  language={ngerman},
  edition={3.}
}
%"url={https://books.google.at/books?id=ewzHlMny5y4C&printsec=frontcover&dq=Bauprozesse+und+bauverfahren+des+tunnelbaus&hl=de&sa=X&ved=0ahUKEwiD9eKZkcnSAhVICZoKHY4OC6EQ6AEIHDAA#v=onepage&q=Bauprozesse%20und%20bauverfahren%20des%20tunnelbaus&f=false}"

@misc{spiegl2005,
  author = {Spiegl},
  title = {Diskussion zur Prognose des Diskenverschleißes beim TBM-Vortrieb},
  institution = {??},
  year = {2005},
  language={ngerman},
  url = {http://cdn2.hubspot.net/hub/330046/file-479013288-pdf/pdf_content/The_Benefits_of_Agentless_Architecture.pdf}
}

@misc{thuro2011,
  title={Grundlagen der Penetrations- und Verschleißprognose beim TBM-Vortrieb},
  author={Thuro, Käsling},
  year={2011},
  institution={ETH Zürich},
}
%"url={http://www.dpunkt.de/buecher/4764/continuous-delivery.html}"

@book{walls2013,
  title={Building a DevOps Culture},
  author={Walls, Mandi},
  isbn={9781449368364},
  year={2013},
  publisher={O'Reilly Media, Inc.},
  address = {Sebastopol},
  language={ngerman},
  edition={1.}
}
%"url={http://books.google.at/books?id=XO1So8BTj2wC}"

@book{humble2014,
  title={Lean Enterprise - How High Performance Organizations Innovate at Scale},
  author={Humble, Jez and Molesky, Joanne and O'Reilly, Barry},
  isbn={9781491946541},
  year={2014},
  publisher={O'Reilly Media, Inc.},
  address = {Sebastopol},
  language={ngerman},
  edition={1.}
}
%"url={https://books.google.at/books?id=G_ixBQAAQBAJ}"

@article{peschlow2012,
  author = {Peschlow, Patrick},
  journal = {Java Magazin},
  title = {Die DevOps-Bewegung: Was ist das eigentlich und was bedeutet es für uns?},
  year = {2012},
  volume={1},
  pages={32--40},
  publisher={Software & Support Media GmbH},
  language={ngerman}
}
%"url = {https://jaxenter.de/Java-Magazin/Java-Magazin-112-165849}"

@article{brown2014,
  author = {Vaughan-Brown, Justin},
  journal = {Business Technology},
  title = {Markteinführung mit DevOps schneller und besser: Wie die Zusammenarbeit von Entwicklung und Betrieb den Geschäftserfolg von Unternehmen beflügeln kann},
  year = {2014},
  volume={3},
  pages={30--34},
  publisher={Software & Support Media GmbH},
  language={ngerman}
}
%"url = {https://jaxenter.de/Business-Technology/business-technology-03-14-smart-optimiert-175785}"

@article{Papaspyrou2014,
  author = {Papaspyrou, Dr. Alexander},
  title = {Eine Bresche schlagen: Loganalyse mit dem freien ELK-Stack},
  journal = {iX Magazin für professionelle Informationstechnik},
  year = {2014},
  volume={11},
  pages={124--128},
  publisher={Heise Zeitschriften Verlag GmbH & Co. KG},
  language={ngerman}
}
%"url = {http://www.heise.de/ix/inhalt/2014/11/124/},"

@article{molina2012,
  title={The OpenNebula Cloud Toolkit},
  author={Molina, Daniel and S{\'a}nchez, Carlos Mart{\'\i}n and Melis, Jaime and Font{\'a}n, Javier and V{\'a}zquez, Constantino and Montero, Ruben S and Llorente, Ignacio M},
  journal={Open Source Cloud Computing Systems: Practices and Paradigms: Practices and Paradigms},
  year={2012},
  publisher={IGI Global},
  language={ngerman}
}
%"url={http://books.google.at/books?hl=de&lr=&id=my5V2JUW0U0C&oi=fnd&pg=PA19&dq=opennebula+schema&ots=2Z_bbIcoqI&sig=NJVyiR5p4z1RTqdmbR6VI8Pds5A#v=onepage&q=opennebula%20schema&f=false}"

@book{gluchowski2013,
  author = {Gluchowski, Alexander and Reinheimer, Stefan},
  title = {Agilität in der IT},
  isbn={9783864900587},
  year={2013},
  edition = {1.},
  publisher={Dpunkt.Verlag GmbH},
  language={ngerman}
}
%"url={https://www.dpunkt.de/buecher/4467/agilit%C3%A4t-in-der-it.html}"


@book{hall2013,
  title={Ansible Configuration Management},
  author={Hall, Daniel},
  isbn={9781783280810},
  year={2013},
  publisher={Packt Publishing Ltd},
  address = {Birmingham},
  language={ngerman}
}
%"{http://books.google.at/books?hl=de&lr=&id=ETQmAgAAQBAJ&oi=fnd&pg=PT5&dq=ansible&ots=CIsYwd9XmD&sig=8MXAmrOzooC2KLTWN8hypM91VLY#v=onepage&q=ansible&f=false}"

@techreport{ansible2014,
  author = {Ansible, Inc.},
  title = {The Benefits of Agentless Architecture},
  institution = {Ansible, Inc.},
  year = {2014},
  language={ngerman},
  url = {http://cdn2.hubspot.net/hub/330046/file-479013288-pdf/pdf_content/The_Benefits_of_Agentless_Architecture.pdf}
}

@article{skelton2014,
  title={The Continuous Delivery Toolchain},
  author={Skelton, Matthew},
  journal={2014 Guide to Continuous Delivery},
  year={2014},
  volume={1},
  pages={14--15},
  url={https://dzone.com/storage/assets/9049-dzr_2014guidetocontinuousdelivery_1.pdf},
  publisher={DZone, Inc.},
  language={ngerman}
}

@article{dzone2015,
  title={Key Research Findings},
  author={DZone, Inc.},
  journal={The Guide to Continuous Delivery},
  year={2015},
  month={Feb.},
  volume={2},
  pages={4--5},
  url={https://dzone.com/storage/assets/18140-dzone_2015continuousdelivery_9.pdf},
  publisher={DZone, Inc.},
  language={ngerman}
}

@mastersthesis{pandey2012,
  author = {Pandey, Sudhir},
  title = {Investigating Community, Reliability and Usability of CFEngine, Chef and Puppet},
  school = {Oslo and Akershus University College},
  year = {2012},
  url = {https://www.duo.uio.no/bitstream/handle/10852/9083/pandey.pdf},
  language={ngerman}
}

@misc{meckfessel2014,
  author = {Meckfessel, Melody},
  title = {How DevOps and the Cloud Changed Google Engineering},
  year = {2014},
  HowPublished={\url{http://www.infoq.com/presentations/google-devops-cloud}},
  publisher={C4Media Inc.},
  note={Abgerufen am 14.04.2015},
  language={ngerman}
}

@misc{kim2014,
  author = {Kim, Gene},
  title = {Uncovering The DevOps Improvement Principles At Google (Randy Shoup Interview)},
  year = {2014},
  HowPublished={\url{http://itrevolution.com/uncovering-the-devops-improvement-principles}},
  publisher={IT Revolution Press},
  note={Abgerufen am 14.04.2015},
  language={ngerman}
}

@misc{lawton2013,
  author = {Lawton, George},
  title = {How Amazon Made the Leap to a DevOps Culture},
  year = {2013},
  HowPublished={\url{http://servicevirtualization.com/how-amazon-made-the-leap-to-a-devops-culture/}},
  publisher={CA Technologies},
  note={Abgerufen am 14.04.2015},
  language={ngerman}
}

@article{feitelson2013,
  author = {Feitelson, Dror G. and Frachtenberg, Eitan and Beck, Kent L.},
  title     = {Development and Deployment at Facebook},
  journal   = {{IEEE} Internet Computing},
  volume    = {17},
  number    = {4},
  pages     = {8--17},
  year      = {2013},
  url       = {http://doi.ieeecomputersociety.org/10.1109/MIC.2013.25},
  doi       = {10.1109/MIC.2013.25},
  timestamp = {Tue, 02 Jul 2013 14:29:31 +0200},
  biburl    = {http://dblp.uni-trier.de/rec/bib/journals/internet/FeitelsonFB13},
  bibsource = {dblp computer science bibliography, http://dblp.org}
}


@misc{fowler2013,
  author = {Fowler, Martin},
  title = {ContinuousDelivery},
  year = {2013},
  HowPublished={\url{http://martinfowler.com/bliki/ContinuousDelivery.html}},
  publisher={Martin Fowler},
  note={Abgerufen am 06.05.2015},
  language={ngerman}
}

@misc{fowler2012,
  author = {Fowler, Martin},
  title = {PhoenixServer},
  year = {2012},
  HowPublished={\url{http://martinfowler.com/bliki/PhoenixServer.html}},
  publisher={Martin Fowler},
  note={Abgerufen am 12.06.2015},
  language={ngerman}
}

@misc{morris2013,
  author = {Morris, Kief},
  title = {ImmutableServer},
  year = {2013},
  HowPublished={\url{http://martinfowler.com/bliki/ImmutableServer.html}},
  publisher={Martin Fowler},
  note={Abgerufen am 12.06.2015},
  language={ngerman}
}

@article{siprell2014,
  author = {Siprell, Stefan},
  journal = {Java Magazin},
  title = {Auch Umgebungen fallen vom Himmel: Konfigurations- und Betriebskosten in den Griff bekommen},
  year = {2014},
  volume={6},
  pages={85--90},
  publisher={Software & Support Media GmbH},
  language={ngerman}
}

@article{schroeder2015,
  author = {Schöder, René},
  journal = {Entwickler Magazin Speziel},
  title = {Kettenreaktion: Von Continuous Integration zu Continuous Delivery mittels DevOps},
  year = {2015},
  volume={4},
  pages={6--10},
  publisher={Software & Support Media GmbH},
  language={ngerman}
}